@article{Pike87a,
   author = {Rob Pike},
   title = {The Text Editor sam},
   journal = {Software - Practice and Experience},
   volume = {17},
   number = {11},
   pages = {813--845},
   month = nov,
   year = {1987}
}

@inproceedings{Pike94,
   author = {Rob Pike},
   title = {Acme: {A} User Interface for Programmers},
   booktitle = {Proceedings of the Winter 1994 USENIX Conference},
   pages = {223--234},
   address = {San Francisco},
   year = {1994}
}

@book{Kernighan99,
  author = {Brian W. Kernighan and Rob Pike},
  title = {The Practice of Programming},
  publisher = {Addison-Wesley},
  address = {Reading, MA},
  year = {1999}
}
